@misc{stakeholders,
  author = {BusinessDictionary},
  title = {stakeholder},
  year = 2016,
  month = April,
  day = 8,
  url = {http://www.businessdictionary.com/definition/stakeholder.html},
  urldate = {2016}
}

@misc{CSS,
  author = {w3schools},
  title = {CSS Tutorial },
  year = 2016,
  month = April,
  day = 8,
  url = {www.w3schools.com/css/},
  urldate = {1998}
}

@misc{HTML,
  author = {w3schools},
  title = {HTML Tutorial },
  year = 2016,
  month = April,
  day = 8,
  url = {www.w3schools.com/html/},
  urldate = {1998}
}

@misc{Javascript,
  author = {w3schools},
  title = {Javascript Tutorial },
  year = 2016,
  month = April,
  day = 8,
  url = {www.w3schools.com/js/},
  urldate = {1998}
}

@misc{sprintbacklogdef,
  author = {Luciano Felix},
  title = {9 Tips for Creating a Good Sprint Backlog},
  year = 2016,
  month = April,
  day = 6,
  url = {https://www.scrumalliance.org/community/articles/2009/march/9-tips-for-creating-a-good-sprint-backlog},
  urldate = {2009}
}

@misc{mqtt,
	organization = {OASIS},
	title = {MQTT Version 3.1.1},
	year = 2016,
	month = April,
	day = 6,
	url = {http://docs.oasis-open.org/mqtt/mqtt/v3.1.1/mqtt-v3.1.1.html},
	urldate = {2015-12-10}
}

@misc{rabbitmq,
	organization = {Pivotal},
	title = {RabbitMQ},
	year = 2016,
	month = April,
	day = 6,
	url = {https://www.rabbitmq.com/},
	urldate = {2016}
}

@misc{celery,
	organization = {Celery Project},
	title = {Celery: Distributed Task Queue},
	year = 2016,
	month = April,
	day = 6,
	url = {http://www.celeryproject.org/},
	urldate = {2016}
}



